<record><leader>00000cas a22000007a 4500</leader><controlfield tag="001">31103271</controlfield><controlfield tag="008">940914d196319uuakuzn n       0   a0eng d</controlfield><datafield ind1=" " ind2=" " tag="010"><subfield code="a">sn 95060091 </subfield></datafield><datafield ind1=" " ind2=" " tag="040"><subfield code="a">UAF</subfield><subfield code="b">eng</subfield><subfield code="c">UAF</subfield><subfield code="d">ANE</subfield><subfield code="d">OCLCQ</subfield><subfield code="d">OCLCF</subfield><subfield code="d">OCLCO</subfield></datafield><datafield ind1="1" ind2=" " tag="029"><subfield code="a">AU@</subfield><subfield code="b">000014354773</subfield></datafield><datafield ind1=" " ind2=" " tag="042"><subfield code="a">msc</subfield></datafield><datafield ind1=" " ind2=" " tag="043"><subfield code="a">n-us-ak</subfield></datafield><datafield ind1=" " ind2="4" tag="050"><subfield code="a">LH1.S26</subfield><subfield code="b">A43</subfield></datafield><datafield ind1="0" ind2="4" tag="245"><subfield code="a">The Aleut.</subfield></datafield><datafield ind1="3" ind2="0" tag="246"><subfield code="a">Eagleut</subfield></datafield><datafield ind1=" " ind2=" " tag="260"><subfield code="a">Sand Point, Alaska :</subfield><subfield code="b">Journalism Class of Sand Point High School,</subfield><subfield code="c">1963-</subfield></datafield><datafield ind1=" " ind2=" " tag="300"><subfield code="a">v.</subfield></datafield><datafield ind1=" " ind2=" " tag="310"><subfield code="a">Semimonthly during school year,</subfield><subfield code="b">Oct. 23, 1974-&lt;Oct. 3, 1983&gt;</subfield></datafield><datafield ind1=" " ind2=" " tag="321"><subfield code="a">Monthly during school year,</subfield><subfield code="b">Jan. 1963-Oct. 1974</subfield></datafield><datafield ind1="0" ind2=" " tag="362"><subfield code="a">Vol. 1, ed. 1 (Jan. 1963)-</subfield></datafield><datafield ind1=" " ind2=" " tag="500"><subfield code="a">Issue for Apr. 28, 1978 has title: Eagleut, published by the combined staff of the Aleut and the Eagle squawk.</subfield></datafield><datafield ind1=" " ind2=" " tag="515"><subfield code="a">Issue numbering irregular.</subfield></datafield><datafield ind1=" " ind2="0" tag="651"><subfield code="a">Sand Point (Alaska)</subfield><subfield code="v">Newspapers.</subfield></datafield><datafield ind1=" " ind2="7" tag="655"><subfield code="a">Newspapers.</subfield><subfield code="2">fast</subfield><subfield code="0">(OCoLC)fst01423814</subfield></datafield><datafield ind1=" " ind2="7" tag="651"><subfield code="a">Alaska</subfield><subfield code="z">Sand Point.</subfield><subfield code="2">fast</subfield><subfield code="0">(OCoLC)fst01875218</subfield></datafield><datafield ind1=" " ind2=" " tag="752"><subfield code="a">United States</subfield><subfield code="b">Alaska</subfield><subfield code="d">Sand Point.</subfield></datafield></record>